@article{Gentle1998,
    doi = {10.2307/2534032},
    url = {https://doi.org/10.2307/2534032},
    year = {1998},
    month = mar,
    publisher = {{JSTOR}},
    volume = {54},
    number = {1},
    pages = {395},
    author = {J. E. Gentle and G. J. McLachlan and T. Krishnan},
    title = {The {EM} Algorithm and Extensions.},
    journal = {Biometrics},
    language = {english},
    langid = {english}
}

@article{Eddy2004,
    doi = {10.1038/nbt1004-1315},
    url = {https://doi.org/10.1038/nbt1004-1315},
    year = {2004},
    month = oct,
    publisher = {Springer Science and Business Media {LLC}},
    volume = {22},
    number = {10},
    pages = {1315--1316},
    author = {Sean R Eddy},
    title = {What is a hidden Markov model?},
    journal = {Nature Biotechnology}
}