@article{Gentle1998,
    doi = {10.2307/2534032},
    url = {https://doi.org/10.2307/2534032},
    year = {1998},
    month = mar,
    publisher = {{JSTOR}},
    volume = {54},
    number = {1},
    pages = {395},
    author = {J. E. Gentle and G. J. McLachlan and T. Krishnan},
    title = {The {EM} Algorithm and Extensions.},
    journal = {Biometrics},
    language = {english},
    langid = {english}
}

@article{Eddy2004,
    doi = {10.1038/nbt1004-1315},
    url = {https://doi.org/10.1038/nbt1004-1315},
    year = {2004},
    month = oct,
    publisher = {Springer Science and Business Media {LLC}},
    volume = {22},
    number = {10},
    pages = {1315--1316},
    author = {Sean R Eddy},
    title = {What is a hidden Markov model?},
    journal = {Nature Biotechnology}
}

@article{DeFonzo2007,
    doi = {10.2174/157489307779314348},
    url = {https://doi.org/10.2174/157489307779314348},
    year = {2007},
    month = jan,
    publisher = {Bentham Science Publishers Ltd.},
    volume = {2},
    number = {1},
    pages = {49--61},
    author = {Valeria De Fonzo and Filippo Aluffi-Pentini and Valerio Parisi},
    title = {Hidden Markov Models in Bioinformatics},
    journal = {Current Bioinformatics}
}

@book{Sharma2009,
   abstract = {GET FULLY UP-TO-DATE ON BIOINFORMATICS-THE TECHNOLOGY OF THE 21ST CENTURY " Bioinformatics" showcases the latest developments in the field along with all the},
   author = {Kal Renganathan Sharma and P.E Kal Renganathan Sharma, Ph.D.},
   journal = {Chemical Engineering},
   title = {Bioinformatics Sequence Alignment and Markov Models},
   year = {2009},
}